@article{Inchauste,
    author  = "Francisco Inchauste",
    title   = "Finding meaning in the technium cave",
    year    = "2013",
    journal = "Distance",
    volume  = "02",
}
@article{Inchauste,
    author  = "Francisco Inchauste",
    title   = "Finding meaning in the technium cave",
    year    = "2013",
    journal = "Distance",
    volume  = "02",
}
@article{Herzog,
    author  = "Warner. Herzog",
    title   = "Cave of Forgotten Dreams",
    year    = "2011",
    journal = "The New Yorker"
}
@article{Harrop,
    author  = "Patrick. Harrop",
    title   = "Open Sourcery",
    journal = "Journal of Architectural Education",
    year    = "2007"
}
@article{Turkel,
    author  = "William J. Turkel",
    title   = "Hacking history, from analogue to digital and back again",
    journal = "The Journal of Theory and Practice",
    year    = "2011"
}
@article{Kalish,
  author = {Kalish, Jon},
  year    = "2010",
  journal = "National Public Radio",
  title = {DIY `Hackers' Tinker Everyday Things Into Treasure},
  note = {Accessed: 2014-03-04. \url{http://www.npr.org/2010/11/12/131268511/diy-hackers-tinker-everyday-things-into-treasure}}
}
@article{Mayosmith,
  author = {John. Mayo-Smith},
  year    = "2014",
  title = {Open Bitcoin ATM},
  journal = "Instructables",
  note = {Accessed: 2014-03-04 \url{http://www.instructables.com/id/Open-Bitcoin-ATM/}}
}
@article{DJJules,
  author = {DJJules},
  year = "2014",
  title = {Ultimate Larson Scanner},
  journal = "Instructables",
  note = {Accessed: 2014-03-04 \url{http://www.instructables.com/id/Build-the-Ultimate-Larson-Scanner/}}
}
@article{fawn,
  author = {Fawn. Qiu},
  year = "2014",
  title = {Real-Life Flappy Bird},
  journal = "Instructables",
  note = {Accessed: 2014-03-04 \url{http://www.instructables.com/id/Real-Life-Playable-Version-Of-Flappy-Bird-Inside-A/}}
}
@article{dodgey99,
  author = {dodgey99},
  year = "2014",
  title = {Arduino Etch-A-Sketch Clock},
  journal = "Instructables",
  note = {Accessed: 2014-03-04 \url{http://www.instructables.com/id/Arduino-Etch-A-Sketch-Clock/}}
}
@article{Paslier,
  author = {Pierre. Paslier},
  year = "2014",
  title = {OpenSquare},
  journal = "Instructables",
  note = {Accessed: 2014-03-04 \url{http://www.instructables.com/id/OpenSquare-Write-big-with-a-RC-car/}}
}
@article{Gemperle98,
  author = {F. Gemperle and C. Kasabach and J. Stivoric and M. Bauer and R. Martin},
  year = "1998",
  title = "Design for Wearability",
  journal = "Second International Symposium on Wearable Computers"
}
@article{Dunne07,
    author = {Lucy E. Dunne},
    title = "Psychophysical elements of wearability",
    journal = "In CHI 07",
    year = "2007"
}
@article{Fiaidhi10,
  author = {Jinan Fiaidhi and Wes Chou and Joseph Williams},
  year = "2010",
  title = "Mobile Computing in the Context of Calm Technology",
  journal = "IT Professional"
}
@book{reasonedSchemer,
       author = {Daniel P Friedman and William E Byrd and Oleg Kiselyov},
       year = "2005",
       title = "The Reasoned Schemer",
       publisher = "The MIT Press",
       address = "Cambridge, Massachusetts"
     }
@book{littleSchemer,
       author = {Daniel P Friedman and Matthias Felleisen},
       year = "1995",
       title = "The Little Schemer",
       publisher = "The MIT Press",
       address = "Cambridge, Massachusetts"
     }